<record xmlns:xsi="http://www.w3.org/2001/XMLSchema-instance" xmlns="http://www.loc.gov/MARC21/slim" xsi:schemaLocation="http://www.loc.gov/MARC21/slim http://www.loc.gov/standards/marcxml/schema/MARC21slim.xsd">

  <leader>01593nab a2200157   4500</leader>
  <controlfield tag="008">150611b1999    cr f|||| |||| 00| 0 spa d</controlfield>
  <datafield ind2=" " tag="090" ind1=" ">
    <subfield code="a">REVIS 06.02.01</subfield>
  </datafield>
  <datafield tag="100" ind2=" " ind1="1">
    <subfield code="9">102</subfield>
    <subfield code="a">Molina Molina, María Lorena </subfield>
  </datafield>
  <datafield tag="245" ind2="4" ind1="1">
    <subfield code="a">Las representaciones de la salud en niños y niñas escolares /</subfield>
    <subfield code="c">María Lorena Molina Molina</subfield>
  </datafield>
  <datafield ind2=" " tag="260" ind1=" ">
    <subfield code="a">San José, Costa Rica :</subfield>
    <subfield code="b">Editorial Universidad de Costa Rica,</subfield>
    <subfield code="c">1999</subfield>
  </datafield>
  <datafield ind2=" " tag="300" ind1=" ">
    <subfield code="a">páginas 215-235</subfield>
  </datafield>
  <datafield ind2=" " tag="520" ind1=" ">
    <subfield code="a">En el presente artículo se dan a conocer los resultados de investigación sobre el significado que los niños y niñas en edad escolar le dan a la salud en su práctica cotidiana. Interesó conocer las concepciones y cuidados de la salud en sus expresiones escritas y dibujadas .
Entre los principales resultados pueden considerarse aquellos que nos demuestran que tanto los niños como las niñas manifiestan tener una concepción unidimensional de la salud apoyada en los aspectos físicos de la misma, de la que derivan acciones para su cuidado en la misma dimensión física ya que consideran a la alimentación y a la higiene como los dos pilares que la garantizarían. Estas consideraciones nos remiten a plantear recomendaciones en materia educativa para que se elaboren planes y acciones que ubiquen a la educación primaria costarricense en una posición de vanguardia en materia de salud y la alejen de la visión tradicional y obsoleta</subfield>
  </datafield>
  <datafield ind1="1" tag="650" ind2="4">
    <subfield code="9">1</subfield>
    <subfield code="a">EDUCACIÓN</subfield>
  </datafield>
  <datafield ind1="0" tag="773" ind2=" ">
    <subfield code="d">San José, Costa Rica : Editorial de la Universidad de Costa Rica, 1997-</subfield>
    <subfield code="o">R0023</subfield>
    <subfield code="t">EDUCACIÓN: Revista de la Universidad de Costa Rica</subfield>
    <subfield code="g">Vol.23, no.2 (1999)</subfield>
  </datafield>
  <datafield tag="942" ind2=" " ind1=" ">
    <subfield code="2">z</subfield>
    <subfield code="c">10</subfield>
  </datafield>
  <datafield ind2=" " tag="999" ind1=" ">
    <subfield code="c">2659</subfield>
    <subfield code="d">2659</subfield>
  </datafield>
</record>